@book{schutze2008introduction,
  title={Introduction to information retrieval},
  author={Sch{\"u}tze, Hinrich and Manning, Christopher D and Raghavan, Prabhakar},
  volume={39},
  year={2008},
  publisher={Cambridge University Press}
}

@Misc{nelson-nlp-tech,
  title={Natural Language Processing (NLP) Techniques for Extracting Information},
  author={Paul Nelson},
  howpublished="https://www.searchtechnologies.com/blog/natural-language-processing-techniques",
  year="(accessed November 17, 2018)",
}